@article{label1,
    author =       "Mark Horowitz",
    title =        "{Computing’s Energy Problem (and what we can do about it)}",
    journal =      "ISSCC 2014",
    year =         "2014"
}
 
@article{label2,
    author =       "Tobias Gysi, Carlos Osuna, Oliver Fuhrer, Mauro Bianco, Thomas C. Schulthess",
    title =        "{STELLA: A Domain-specific Tool for Structured Grid Methods in Weather and Climate Models}",
    journal =      "SC 15",
    year =         "2015"
}

@article{label3,
    author =       "Tobias Gysi, Tobias Grosser, Torsten Hoefler",
    title =        "{MODESTO: Data-centric Analytic Optimization of Complex Stencil Programs on Heterogeneous Architectures}",
    journal =      "ICS 15",
    year =         "2015"
}

@article{label4,
    author =       "Qi Jia, Huiyang Zhou",
    title =        "{Tuning Stencil Codes in OpenCL for FPGAs}",
    journal =      "IEEE 2016",
    year =         "2016"
}

@article{label5,
    author =       "Ga{\"e}l Deest, Nicolas Estibals, Tomofumi Yuki, Steven Derrien, Sanjay Rajopadhye",
    title =        "{Towards Scalable and Efficient FPGA Stencil Accelerators}",
    journal =      "IMPACT 2016",
    year =         "2016"
}

@article{label6,
    author =       "Wang Luzhou, Kentaro Sano, Saturo Yamamoto",
    title =        "{Domain-Specific Language and Compiler for Stencil Computation on FPGA-based Systolic Computational-Memory Array}",
    journal =      "ARC'12",
    year =         "2012"
}

@article{label7,
    author =       "Keith D. Underwood, K. Scott Hemmert",
    title =        "{Closing the gap: CPU and FPGA Trends in sustainable floating-point BLAS performance}",
    journal =      "FCCM 04",
    year =         "2004"
}

@article{label8,
    author =       "Ian Kuon, Jonathan Rose",
    title =        "{Measuring the Gap between FPGAs and ASICs}",
    journal =      "FPGA 06",
    year =         "2006"
}

@article{label9,
    author =       "Matthias Christen, Olaf Schenk, Helmar Burkhart",
    title =        "{PATUS: A Code Generation and Autotuning Framework For Parallel Iterative Stencil Computations on Modern Microarchitectures}",
    journal =      "IEEE 2011",
    year =         "2011"
}

@article{label10,
    author =       "Kaushik Datta, Mark Murphy, Vasily Volkov, Samuel Williams, Jonathan Carter, Leonid Oliker, David Patterson, John Shalf, Katherine Yelick",
    title =        "{Stencil Computation Optimization and Auto-tuning on State-of-the-Art Multicore Architectures}",
    journal =      "IEEE 2008",
    year =         "2008"
}

@article{label11,
    author =       "Takashi Shimokawabe, Takayuki Aoki, Naoyuki Onodera",
    title =        "{High-productivity Framework for Large-scale GPU/CPU Stencil Applications}",
    journal =      "ICCS 2016",
    year =         "2016"
}

@article{label12,
    author =       "Valentin Clement, Sylviane Ferrachat, Oliver Fuhrer, Xavier Lapillonne, Carlos E. Osuna, Robert Pincus, Jon Rood, William Sawyer",
    title =        "{The CLAW DSL: Abstractions for Performance Portable Weather and Climate Models}",
    journal =      "PASC 18",
    year =         "2018"
}

@article{label13,
    author =       "Takashi Shimokawabe, Takayuki Aoki, Junichi Ishida, Kohei Kawano, Chiashi Muroi",
    title =        "{145 TFlops Performance on 3990 GPUs of TSUBAME 2.0 Supercomputer for an Operational Weather Prediction}",
    journal =      "ICCS 2011",
    year =         "2011"
}

@article{label14,
    author =       "Samuel Webb Williams, Andrew Waterman, David A. Patterson",
    title =        "{Roofline: An Insightful Visual Performance Model for Floating-Point Programs and Multicore Architectures}",
    journal =      "UCB",
    year =         "2008"
}

@article{label15,
    author =       "Doris Folini",
    title =        "{Climate, weather, space weather: model development in an operational context}",
    journal =      "J. Space Weather Space Clim. 2018",
    year =         "2018"
}

@misc{label16,
    author    = "Berten Digital Signal Processing",
    title     = "{GPU vs FPGA Performance Comparison}",
    note       = "www.bertendsp.com"
}

@article{label18,
    author =       "Johannes de Fine Licht, Simon Meierhans, Torsten Hoefler",
    title =        "{Transformations of High-Level Synthesis Codes for High-Performance Computing}",
    journal =      "arXiv.org",
    year =         "2018"
}

@article{label19,
    author =       "Oliver Fuhrer, Tarun Chadha, Torsten Hoefler, Grzegorz Kwasniewski, Xavier Lapillonne, David Leutwyler, Daniel Lüthi, Carlos Osuna, Christoph Schär, Thomas C. Schulthess, Hannes Vogt",
    title =        "{Near-global climate simulation at 1 km resolution: establishing a performance baseline on 4888 GPUs with COSMO 5.0}"
}

@misc{label20,
    title     = "{OpenMP}",
    note       = "{www.openmp.org}"
}

@misc{label21,
    title     = "{OpenCL}",
    note       = "{www.khronos.org/opencl}"
}

@misc{label22,
    title     = "{CUDA}",
    note       = "{www.geforce.com/hardware/technology/cuda}"
}

@misc{label23,
    title     = "{OpenACC}",
    note       = "{www.openacc.org}"
}

@misc{label24,
    title     = "{Message Passing Interface}",
    note       = "{www.mpi-forum.org}"
}

@misc{label25,
    title     = "{Intel Stratix 10 FPGA}",
    note       = "www.intel.com/content/www/us/en/products/ programmable/fpga/stratix-10.html"
}

@misc{label26,
    title     = "{Noctua Supercomputer}",
    note       = "{pc2.uni-paderborn.de/hpc-services/available-systems/noctua}"
}

@misc{label27,
    title     = "{Intel Stratix 10 Development}",
    note       = "{www.intel.com/content/www/us/en/programmable/support/support-resources/design-guidance/fpga-developer/stratix-10.html}"
}

@article{label28,
    author =       "Haohuan Fu, Robert G. Clapp",
    title =        "{Eliminating the Memory Bottleneck: An FPGA-based Solution for 3D Reverse Time Migration}",
    journal =      "FPGA11",
    year =         "2011"
}

@article{label29,
    author =       "Joshua Auerbach, David F.Bacon, Perry Cheng, Rodric Rabbah",
    title =        "{Lime: a Java-Compatible and Synthesizable Language for Heterogeneous Architectures}",
    journal =      "SPLASH10",
    year =         "2010"
}

@article{label30,
    author =       "David F. Bacon, Rodric Rabbah, Sunil Shukla",
    title =        "{FPGA Programming for the Masses}",
    journal =      "Communications of the ACM",
    year =         "2013"
}

@article{label31,
    author =       "Jeremy Fowers, Greg Brown, Patrick Cooke, Greg Stitt",
    title =        "{A Performance and Energy Comparison of FPGAs, GPUs, and Multicores for Sliding-Window Applications}",
    journal =      "FPGA12",
    year =         "2012"
}

@article{label33,
    author =       "Johannes de Fine Licht, Michaela Blott, Torsten Hoefler",
    title =        "{Designing scalable FGPA architectures using high-level synthesis}",
    journal =      "PPoPP18",
    year =         "2018"
}

@article{label35,
    author =       "D.D.Gajski, D.A.Padua, D.J.Kuck, R.H.Kuhn",
    title =        "{A Second Opinion on Data Flow Machines and Languages}",
    journal =      "IEE 1982",
    year =         "1982"
}

@article{label36,
    author =       "Jason Cong, Bin Liu, Stephen Neuendorffer, Juanjo Noguera, Kees Vissers, Zhiru Zhang",
    title =        "{High-Level Synthesis for FPGAs: From Prototyping to Deployment}",
    journal =      "IEE 2011",
    year =         "2011"
}

@misc{label37,
    title     = "{Federal Office of Meteorology and Climatology MeteoSwiss}",
    note      = "{www.meteosuisse.admin.ch}"
}

@misc{label38,
    title     = "{Consortium for Small-scale Modeling}",
    note      = "{www.cosmo-model.org}"
}

@misc{label39,
    title     = "{Swiss National Supercomputing Center}",
    note      = "{www.cscs.ch}"
}

@misc{label40,
    title     = "{Verilog}",
    note      = "{www.verilog.com}"
}

@misc{label41,
    title     = "{VHDL}",
    note      = "{https://ieeexplore.ieee.org/document/26487}"
}

@misc{label42,
    title = {Paderborn University},
    note = "{www.uni-paderborn.de/en/university}"
}